@Misc{ial_mat,
    title = {Studijní materiály k předmětu IAL}
}
@Misc{tsp,
    title = {Travelling Salesman Problem},
    url = {https://www.geeksforgeeks.org/travelling-salesman-problem-set-1/},
    note = {A computer science portal for geeks [online]}
}
@Misc{graphviz,
    title = {Graphviz - Graph Visualization Software},
    url = {Graphviz - Graph Visualization Software [online]},
    note = {https://www.graphviz.org/}
}
