@Misc{Wikipedia\_Hamilton\_Path,
author = {Wikipedia},
title = {Wikipedia: Hamilton Path},
url = {https://en.wikipedia.org/wiki/Hamiltonian\_path},
note = {[online]. 2008 [cit. 2017-12-05]}
}

@Misc{SFU,
author = {Greg Baker},
title = {Euler and Hamiltonian Paths},
url = {https://www.cs.sfu.ca/~ggbaker/zju/math/euler-ham.html},
note = {[online]. 2013 [cit. 2017-12-05]}
}

@Misc{EU,
author = {Ronald Gould},
title = {Advances on the Hamiltonian Problem - A Survey},
url = {http://www.mathcs.emory.edu/~rg/advances.pdf},
note = {[online]. 2002 [cit. 2017-12-05]}
}



@Proceedings{Studijni\_opora,
title = {Studijní opora: Algoritmy a datové struktury},
editor = {prof. Ing. Jan M. Honzík Csc.},
year = {2018},
address = {Brno},
publisher = {FIT VUT}
}



